%% Bilder

@Online{SOTrend,
  author = {{Stack Overflow}},
  label  = {SOTrend},
  year  = {2024},
  url  =  {https://trends.stackoverflow.co/?tags=reactjs,vue.js,angular,svelte,angularjs,vuejs3},
  urldate = {2024-08-29}
}
@Online{WebCon,
  author = {{wallarm}},
  label  = {WebCon},
  year  = {2024},
  url  =  {https://cdn.prod.website-files.com/5ff66329429d880392f6cba2/63fe48adb8834a29a618ce84_148.3.png},
  urldate = {2024-09-06}
}

%% Frontend - genrelles

@Online{T4I,
  author = {{Time4Innovation}},
  label  = {T4I},
  url  =  {https://time4innovation.de/grundlagen-und-einstieg-in-html-css-javascript/#:~:text=HTML%20dient%20dem%20grundlegenden%20Aufbau,Auswirkungen%20auf%20Funktionalit%C3%A4t%20und%20Sicherheit.},
  urldate = {2024-08-30}
}
@Online{CoU,
  author = {{Covertry University}},
  label  = {CoU},
  url  =  {https://coventry.domains/learn/languages-of-the-web/},
  urldate = {2024-08-30}
}
@Online{CMSRev,
  author = {{David Tischlinger}},
  label  = {CMSRev},
  year  = {2022},
  url  =  {https://blog.hubspot.de/website/frontend-backend},
  urldate = {2024-08-30}
}
@Online{RtP,
  author = {{Rock the Prototype}},
  label  = {RtP},
  url  =  {https://rock-the-prototype.com/programmiersprachen-frameworks/framework/},
  urldate = {2024-08-30}
}
@Online{BStack,
  author = {{Mohit Joshi}},
  label  = {BStack},
  year  = {2023},
  url  =  {https://www.browserstack.com/guide/angular-vs-react-vs-vue},
  urldate = {2024-08-30}
}
@Online{Dev,
  author = {{Sebastian Springer}},
  label  = {Dev},
  year  = {2018},
  url  =  {https://entwickler.de/angular/to-dos-mit-vuejs},
  urldate = {2024-08-30}
}
@Online{AmD,
  author = {{Ambient.digital}},
  label  = {AmD},
  url  =  {https://ambient.digital/wissen/ambipedia/vue-js/},
  urldate = {2024-08-30}
}

%% Frontend - Docs

@Online{vue,
  author = {{Vuejs.org}},
  label  = {vue},
  url  =  {https://vuejs.org/},
  urldate = {2024-08-30}
}
@Online{NG,
  author = {{Google}},
  label  = {NG},
  url  =  {https://angular.dev/},
  urldate = {2024-08-30}
}
@Online{RCT,
  author = {{Facebook}},
  label  = {RCT},
  url  =  {https://react.dev/},
  urldate = {2024-08-30}
}
@Online{RCTN,
  author = {{Facebook}},
  label  = {RCTN},
  url  =  {https://reactnative.dev/},
  urldate = {2024-08-30}
}
@Online{JSX,
  author = {{Facebook}},
  label  = {JSX},
  url  =  {https://facebook.github.io/jsx/},
  urldate = {2024-08-30}
}
@Online{ts,
  author = {{typescriptlang.org}},
  label  = {ts},
  url  =  {https://www.typescriptlang.org/},
  urldate = {2024-08-30}
}

%% Backend - genrelles

@Online{eft,
  author = {{enlyft.com}},
  label  = {eft},
  year  = {2024},
  url  =  {https://enlyft.com/tech/software-frameworks},
  urldate = {2024-08-29}
}
@Book{EiA,
  title     = {Express in Action},
  publisher = {Manning},
  year      = {2016},
  author    = {Evan M. Hahn},
}
@Online{MED,
  author = {{Sandeep Singh}},
  label  = {MED},
  year  = {2023},
  url  =  {https://sandydev.medium.com/node-js-vs-spring-boot-vs-django-which-one-is-best-for-beginners-8782d3be54},
  urldate = {2024-09-11}
}

%% Backend - Docs

@Online{DJO,
  author = {{Django}},
  label  = {DJO},
  year  = {2024},
  url  =  {https://docs.djangoproject.com/},
  urldate = {2024-09-11}
}
@Online{SPR,
  author = {{Spring}},
  label  = {SPR},
  year  = {2024},
  url  =  {https://docs.spring.io/},
  urldate = {2024-09-11}
}
@Online{EX,
  author = {{Express}},
  label  = {EX},
  year  = {2024},
  url  =  {https://expressjs.com/de/},
  urldate = {2024-09-11}
}

%% Websockets und Rest Vergleich
@Online{ReSock,
  author = {{ably.com}},
  label  = {ReSock},
  year  = {2024},
  url  =  {https://ably.com/topic/websocket-vs-rest#:~:text=While%20REST%20works%20with%20short,interact%20with%20WebSocket%20is%20different},
  urldate = {2024-09-11}
}

%% Google Maps Integrationen
@Online{ngMaps,
  author = {{Google}},
  label  = {ngMaps},
  year  = {2024},
  url  =  {https://www.npmjs.com/package/@angular/google-maps},
  urldate = {2024-09-11}
}
@Online{rctMaps,
  author = {{Unknown}},
  label  = {rctMaps},
  year  = {2024},
  url  =  {https://www.npmjs.com/package/@react-google-maps/api},
  urldate = {2024-09-11}
}
@Online{vueMaps,
  author = {{fawmi}},
  label  = {vueMaps},
  year  = {2024},
  url  =  {https://www.npmjs.com/package/@fawmi/vue-google-maps},
  urldate = {2024-09-11}
}

%% GLS App

@Misc{GLSQ,
  author       = {GLS},
  title        = {Internere GLS Quiz App},
  year         = {2024},
  note         = {Nicht öffentlich zugänglich},
  howpublished = {Interne Kommunikation},
}
@Misc{GLSQS,
  author       = {GLS},
  title        = {Interner Source Code der GLS Quiz App},
  year         = {2024},
  note         = {Nicht öffentlich zugänglich},
  howpublished = {Interne Kommunikation},
}
@Online{fImpl,
  author = {{Nicolas Fritz}},
  label  = {fImpl},
  year  = {2024},
  url  =  {https://github.com/hypeAlive/fallstudie-impl},
  urldate = {2024-09-11}
}

%% Beispiele

@InProceedings{ABC01,
  author   = {Abraham, N. and Bibel, U. and Corleone, P.},
  title    = {Formatting Contributions for Proceedings},
  pages    = {46-53},
  crossref = {Gl01},
}
@InBook{Az09,
  pages    = {135-162},
  title    = {Die Fußnote in LNI-Bänden},
  author   = {Azubi, L. and others},
  crossref = {Gl09},
}
@Book{AB00,
  title     = {Formatierungsrichtlinien für Tagungsbände},
  publisher = {Format-Verlag},
  year      = {2000},
  author    = {Abel, K. and Bibel, U.},
  address   = {Bonn},
}
@Book{Ez10,
  title     = {The Magic Format -- Your Way to Pretty Books},
  publisher = {Noah \& Sons},
  year      = {2010},
  author    = {Ezgarani, O.},
}
@Article{Gl06,
  author  = {Glück, H. I.},
  title   = {Formatierung leicht gemacht},
  journal = {Formatierungsjournal},
  volume  = {11},
  number  = {09},
  year    = {2009},
  pages   = {23-27},
}
@Book{Wa14,
  title     = {Essenzen der Informatik},
  publisher = {Verlag Formvoll},
  year      = {2014},
  author    = {Wasser, K. and Feuer, H. and Erde, R. and Licht, H.},
}
@Book{Wa14b,
  title     = {Ganz neue Essenzen der Informatik im selben Jahr},
  publisher = {Format-Verlag},
  year      = {2014},
  author    = {Wasser, K. and Feuer, H. and Erde, R. and Licht, H.},
}
@Proceedings{Gl01,
  title     = {Proc. 7th Int. Conf. on Formatting of Workshop-Proceedings},
  year      = {2001},
  editor    = {Glück, H. I.},
  address   = {San Francisco},
  publisher = {Noah \& Sons},
  booktitle = {Proc. 7th Int. Conf. on Formatting of Workshop-Proceedings},
}
@Book{Gl09,
  title     = {Formatierung 2009},
  publisher = {Format-Verlag},
  year      = {2009},
  editor    = {Glück, H. I.},
  number    = {999},
  series    = {LNI},
  address   = {Bonn},
  booktitle = {Formatierung 2009},
}
@Misc{XX14,
  title        = {Anteil an Frauen in der Informatik},
  label        = {An},
  howpublished = {Statistics Worldwide},
  year         = {2014},
}
@Online{GI19,
  author = {{Gesellschaft für Informatik e.\,V.}},
  label  = {GI},
  year  = {2019},
  url  =  {http://www.gi.de},
  urldate = {2019-03-21}
}

@Comment{jabref-meta: databaseType:biblatex;}
